% Bibliography of key references for "LaTeX for Thesis and Large Documents"
% For use with BibTeX

